@article{PDG,
  author        = {Zyla, P.A. and others},
  title         = {{Review of Particle Physics}},
  collaboration = {Particle Data Group},
  doi           = {10.1093/ptep/ptaa104},
  journal       = {PTEP},
  volume        = {2020},
  number        = {8},
  pages         = {083C01},
  year          = {2020}
}

@book{Halzen:1984mc,
	title = {{Quarks \& Leptons: An introductory course in modern particle physics}},
	author = {Halzen, Francis and Martin, Alan},
	isbn = {0-471-88741-2},
  	address = {New York, USA},
  	publisher = {John Wiley \& Sons},
  	year = {1984}
}

@misc{SMFigureWiki,
	author = {Wikipedia contributors},
	title = {{Standard Model of Elementary Particles}},
	collaboration = {Wikipedia, the free encyclopedia},
	year = {2019},
	url  = {https://en.wikipedia.org/wiki/File:Standard_Model_of_Elementary_Particles.svg},
	 howpublished = {\url{https://en.wikipedia.org/wiki/Standard_Model}},
   note = "[Online; accessed 05-November-2022]"
	
}

@book{Thomson:2013zua,
    author = {Thomson, Mark},
    title = {{Modern particle physics}},
    isbn = "978-1-107-03426-6",
    publisher = "Cambridge University Press",
    address = {New York},
    year = {2013}
}

@Inbook{Bernabeu2021,
author={{ Bernabeu, Jose", and Murillo, Jes{\'u}s Carnicer and Michelini, Marisa and Perea, Carmen}},
title={{Fundamental Physics and Physics Education Research}},
chapter={{Symmetries in the Standard Model}},
year="2021",
publisher="Springer International Publishing",
address="Cham",
pages="3--16",
isbn="978-3-030-52923-9",
doi="10.1007/978-3-030-52923-9_1",
url="https://doi.org/10.1007/978-3-030-52923-9_1"
}

@article{GLASHOW1961579,
title = {{Partial-symmetries of weak interactions}},
journal = {Nuclear Physics},
volume = {22},
number = {4},
pages = {579-588},
issn = {0029-5582},
doi = {https://doi.org/10.1016/0029-5582(61)90469-2},
url = {https://www.sciencedirect.com/science/article/pii/0029558261904692},
author = {Sheldon L. Glashow},
year = {1961}
}


@article{Buchmüller:984122,
      author        = {{Buchmüller, W and Lüdeling, C}},
      title         = {{Field Theory and Standard Model}},
      reportNumber  = "hep-ph/0609174, DESY-06-151, DESY-2006-151",
      pages         = "70 p",
      url           = "https://cds.cern.ch/record/984122",
      year          = {2006}
}

@article{PhysRev.96.191,
  title = {{Conservation of Isotopic Spin and Isotopic Gauge Invariance}},
  author = {Yang, C. N. and Mills, R. L.},
  journal = {Phys. Rev.},
  volume = {96},
  issue = {1},
  pages = {191--195},
  numpages = {0},
  year = {1954},
  month = {Oct},
  publisher = {American Physical Society},
  doi = {10.1103/PhysRev.96.191},
  url = {https://link.aps.org/doi/10.1103/PhysRev.96.191}
}

@article{Hollik:1281946,
  doi = {10.48550/ARXIV.1012.3883},
  
  url = {https://arxiv.org/abs/1012.3883},
  
  author = {Hollik, W.},
  
  keywords = {High Energy Physics - Phenomenology (hep-ph), FOS: Physical sciences, FOS: Physical sciences},
  
  title = {{Quantum field theory and the Standard Model}},
  
  publisher = {arXiv},
  
  year = {2010},
  
  copyright = {Creative Commons Attribution 3.0 Unported}
}


%some more references for theory we can use 
@misc{HiggsMechanism,
      author        = {{Nguyen, K}},
      title         = {{The Higgs Mechanism}},
      url           = {https://www.theorie.physik.uni-muenchen.de/lsfrey/teaching/archiv/sose_09/rng/higgs_mechanism.pdf},
      year          = {2009}
}

@misc{StandardModel,
	author = {{G. Buchalla}},
	title = {{Introduction to The Standard Model, Lecture Notes in Theoretical Physics 6}},
	year = {2008}
}

@book{PeskinQFT,
	author = {{M. E. Peskin , D. V. Schroeder}},
	title = {{An Introduction to Quantum Field Theory}},
	isbn = "978-0-201-50397-5",
	address = {Colorado, USA},
	publisher= {Westview PRESS},
	year = {1995}
}

@misc{QCDForCollider,
  doi = {10.48550/ARXIV.1104.2863},
  
  url = {https://arxiv.org/abs/1104.2863},
  
  author = {Skands, Peter},
  
  keywords = {High Energy Physics - Phenomenology (hep-ph), High Energy Physics - Theory (hep-th), FOS: Physical sciences, FOS: Physical sciences},
  
  title = {{QCD for Collider Physics}},
  
  publisher = {arXiv},
  
  year = {2011},
  
  copyright = {arXiv.org perpetual, non-exclusive license}
}


@article{FixedTargetDrellYan,
  title = {{Fixed target Drell-Yan data and NNLO QCD fits of parton distribution functions}},
  author = {Alekhin, Sergey and Melnikov, Kirill and Petriello, Frank},
  journal = {Phys. Rev. D},
  volume = {74},
  issue = {5},
  pages = {054033},
  numpages = {10},
  year = {2006},
  month = {Sep},
  publisher = {American Physical Society},
  doi = {10.1103/PhysRevD.74.054033},
  url = {https://link.aps.org/doi/10.1103/PhysRevD.74.054033}
}

@misc{PDF4LHC,
  doi = {10.48550/ARXIV.1101.0536},
  
  url = {https://arxiv.org/abs/1101.0536},
  
  author = {Alekhin, Sergey et al. },
  
  keywords = {High Energy Physics - Phenomenology (hep-ph), High Energy Physics - Experiment (hep-ex), FOS: Physical sciences, FOS: Physical sciences},
  
  title = {{The PDF4LHC Working Group Interim Report}},
  
  publisher = {arXiv},
  
  year = {2011},
  
  copyright = {arXiv.org perpetual, non-exclusive license}
}


@article{PDFCalLHC,
    author = "Martin, A. D. and Stirling, W. J. and Thorne, R. S. and Watt, G.",
    title = "{Parton distributions for the LHC}",
    eprint = "0901.0002",
    archivePrefix = "arXiv",
    primaryClass = "hep-ph",
    reportNumber = "IPPP-08-95, DCPT-08-190, CAVENDISH-HEP-08-16",
    doi = "10.1140/epjc/s10052-009-1072-5",
    journal = "Eur. Phys. J. C",
    volume = "63",
    pages = "189--285",
    year = {2009}
}

@article{ATLASHiggsDiscovery,
title = {{Observation of a new particle in the search for the Standard Model Higgs boson with the ATLAS detector at the LHC}},
journal = {Physics Letters B},
volume = {716},
number = {1},
pages = {1-29},
year = {2012},
issn = {0370-2693},
doi = {https://doi.org/10.1016/j.physletb.2012.08.020},
url = {https://www.sciencedirect.com/science/article/pii/S037026931200857X},
author = {{The ATLAS Collaboration}}
}

@article{CMSHiggsDiscovery,
	doi = {10.1016/j.physletb.2012.08.021},
	url = {https://doi.org/10.1016%2Fj.physletb.2012.08.021},
	year = 2012,
	month = {sep},
	publisher = {Elsevier {BV} },
	volume = {716},
	number = {1},
	pages = {30--61},
	author = {CMS Collaboration},
	title = {Observation of a new boson at a mass of 125 {GeV} with the {CMS} experiment at the {LHC}},
	journal = {Physics Letters B}
}

@article{CDFWMass,
author = {The CDF II Collaboration},
title = {{High-precision measurement of the W boson mass with the CDF II detector}},
journal = {Science},
volume = {376},
number = {6589},
pages = {170-176},
year = {2022},
doi = {10.1126/science.abk1781},
URL = {https://www.science.org/doi/abs/10.1126/science.abk1781},
eprint = {https://www.science.org/doi/pdf/10.1126/science.abk1781}
}

@article{DMGravitationalLensing,
	doi = {10.1088/0034-4885/73/8/086901},
	url = {https://doi.org/10.1088%2F0034-4885%2F73%2F8%2F086901},
	year = 2010,
	month = {jul},
	publisher = {{IOP} Publishing},
	volume = {73},
	number = {8},
	pages = {086901},
	author = {Richard Massey and Thomas Kitching and Johan Richard},
	title = {The dark matter of gravitational lensing},
	journal = {Reports on Progress in Physics}
}

@article{EventGenerator,
title = {{General-purpose event generators for LHC physics}},
journal = {Physics Reports},
volume = {504},
number = {5},
pages = {145-233},
year = {2011},
issn = {0370-1573},
doi = {https://doi.org/10.1016/j.physrep.2011.03.005},
url = {https://www.sciencedirect.com/science/article/pii/S0370157311000846},
author = {{Andy Buckley et al.}},
keywords = {QCD, Hadron colliders, Monte Carlo simulation}
}

@article{NoetherTheorem,
author = {Noether, E.},
journal = {Nachrichten von der Gesellschaft der Wissenschaften zu Göttingen, Mathematisch-Physikalische Klasse},
language = {ger},
pages = {235-257},
title = {Invariante Variationsprobleme},
url = {http://eudml.org/doc/59024},
volume = {1918},
year = {1918}
}

@misc{DESYHiggsLecture,
  doi = {10.48550/ARXIV.HEP-PH/0609174},
  url = {https://arxiv.org/abs/hep-ph/0609174},
  author = {{Buchmüller, W. and Lüdeling, C.}},
  keywords = {High Energy Physics - Phenomenology (hep-ph), FOS: Physical sciences, FOS: Physical sciences},
  title = {{Field Theory and Standard Model}},
  publisher = {arXiv},
  year = {2006},
  copyright = {Assumed arXiv.org perpetual, non-exclusive license to distribute this article for submissions made before January 2004}
}

@article{VBSWWWW,
	author = {{A. Denner and T. Hahn}},
	title = {{Radiative corrections to W+W- $\rightarrow$ W+W- in the electroweak standard model}},
	doi = {10.1016/s0550-3213(98)00287-9},
	url = {https://doi.org/10.1016%2Fs0550-3213%2898%2900287-9},
	year = 1998,
	volume = {525}, 
	number = {1-2},
	pages = {27--50},
	journal = {Nuclear Physics B}
}

@article{CMSRun2ZZjj,
	title = {{Evidence for electroweak production of four charged leptons and two jets in proton-proton collisions at s=13TeV}},
	journal = {Physics Letters B},
	volume = {812},
	pages = {135992},
	year = {2021},
	issn = {0370-2693},
	doi = {https://doi.org/10.1016/j.physletb.2020.135992},
	url = {https://www.sciencedirect.com/science/article/pii/S0370269320307954},
	author = {{The CMS Collaboration}}
}

@article{PowhegV2ZZjj,
	author = {{Jager, B., Karlberg, A. and Zanderighi, G. }},
	title = {{Electroweak ZZjj production in the Standard Model and beyond in the POWHEG-BOX V2.}},
	journal = { J. High Energ. Phys.},
	year ={ 2014},
	volume ={ 141 },
	url ={ https://doi.org/10.1007/JHEP03(2014)141}
}

@misc{ATLASZZjj,
  doi = {10.48550/ARXIV.2004.10612},
  url = {https://arxiv.org/abs/2004.10612},
  author = {{ATLAS Collaboration}},  
  title = {{Observation of electroweak production of two jets and a $Z$-boson pair}},
  publisher = {arXiv},
  year = {2020}
}

@article{RapidityGapCite, 
	author = {{Khoze, V., Ryskin, M., Stirling, W. et al.}},
	title = {{A Z-monitor to calibrate Higgs production via vector boson fusion with rapidity gaps at the LHC.}},
	journal ={ Eur. Phys. J.},
	volume = { C 26},
	pages ={ 429–440 },
	year = {2003},
	url ={ https://doi.org/10.1140/epjc/s2002-01069-2}
}

@article{SensitivityNP,
	doi = {10.1007/jhep03(2010)082},
	url = {https://doi.org/10.1007%2Fjhep03%282010%29082},
	year = {2010},
	month = {mar},
	volume = {2010},
	number = {3},
	author = {{Tao Han and David Krohn and Lian-Tao Wang and Wenhan Zhu}},
	title = {{New physics signals in longitudinal gauge boson scattering at the LHC}},
	journal = {J. High Energ. Phys.}
}

@article{EboliModelaQGC,
	doi = {10.1103/physrevd.101.113003},
	url = {https://doi.org/10.1103%2Fphysrevd.101.113003},
	year = {2020},
	month = {jun},
	publisher = {American Physical Society ({APS})},
	volume = {101},
	number = {11},
	author = {{Eduardo da Silva Almeida and O.{\hspace{0.167em}}J.{\hspace{0.167em}}P. {\'{E}}boli and M.{\hspace{0.167em}}C. Gonzalez{\textendash}Garcia}},
	title = {{Unitarity constraints on anomalous quartic couplings}},
	journal = {Physical Review D}
}

@article{BSM_Simple2HDM,
	doi = {10.1103/physrevd.87.093005},
	url = {https://doi.org/10.1103%2Fphysrevd.87.093005},
	year = 2013,
	month = {may},
	publisher = {American Physical Society ({APS})},
	volume = {87},
	number = {9},
	author = {{Jung Chang, Kingman Cheung, Chih-Ting Lu, and Tzu-Chiang Yuan}},
	title = {{WW Scattering in the Era of Post Higgs Discovery}},
	journal = {Physical Review D}
}

@techreport{ATLASRun2IntegratedLumi,
      author ={{The ATLAS Collaboration}},
      title         = "{Luminosity determination in $pp$ collisions at $\sqrt{s}=13$ TeV using the ATLAS detector at the LHC}",
      reportNumber = {ATLAS-CONF-2019-021},
    month = {6},
    institution={CERN},
    year = {2019}
}

@article{ATLASRun2DataTaking,
	doi = {10.1088/1748-0221/15/04/p04003},
	url = {https://doi.org/10.1088%2F1748-0221%2F15%2F04%2Fp04003},
	year = 2020,
	month = {apr},
	publisher = {{IOP} Publishing},
	volume = {15},
	number = {04},
	pages = {P04003--P04003},
	title = {{ATLAS data quality operations and performance for 2015-2018 data-taking}},
	author ={{The ATLAS Collaboration}},
	journal = {Journal of Instrumentation}
}

@article{ATLASLuminosityDetector,
doi = {10.1088/1748-0221/13/07/P07017},
url = {https://dx.doi.org/10.1088/1748-0221/13/07/P07017},
year = {2018},
month = {jul},
publisher = {},
volume = {13},
number = {07},
pages = {P07017},
author = {{G. Avoni et al.}},
title = {{The new LUCID-2 detector for luminosity measurement and  monitoring  in ATLAS}},
journal = {Journal of Instrumentation}
}

@article{GEANT4,
    author = "Agostinelli, S. and others",
    collaboration = "GEANT4",
    title = "{GEANT4--a simulation toolkit}",
    reportNumber = "SLAC-PUB-9350, FERMILAB-PUB-03-339, CERN-IT-2002-003",
    doi = "10.1016/S0168-9002(03)01368-8",
    journal = "Nucl. Instrum. Meth. A",
    volume = "506",
    pages = "250--303",
    year = "2003"
}

@article{EventGenWithSherpa,
	doi = {10.21468/scipostphys.7.3.034},
	url = {https://doi.org/10.21468%2Fscipostphys.7.3.034},
	year = 2019,
	month = {sep},
	publisher = {Stichting {SciPost}},
	volume = {7},
	number = {3},
	author = {Enrico Bothmann and Gurpreet Singh Chahal and Stefan Höche and Johannes Krause and Frank Krauss and Silvan Kuttimalai and Sebastian Liebschner and Davide Napoletano and Marek Schönherr and Holger Schulz and Steffen Schumann and Frank Siegert},
	title = {{Event generation with Sherpa 2.2}},
	journal = {{SciPost} Physics}
}

@article{PDFForRunII,
	doi = {10.1007/jhep04(2015)040},
	url = {https://doi.org/10.1007%2Fjhep04%282015%29040},
	year = 2015,
	month = {apr},
	publisher = {Springer Science and Business Media {LLC}},
	volume = {2015},
	number = {4},
	author = {Richard D. Ball and   and Valerio Bertone and Stefano Carrazza and Christopher S. Deans and Luigi Del Debbio and Stefano Forte and Alberto Guffanti and Nathan P. Hartland and Jos{\'{e}} I. Latorre and Juan Rojo and Maria Ubiali},
	title = {{Parton distributions for the LHC run II}},
	journal = {Journal of High Energy Physics}
}

@article{SherpaPS,
doi = {10.1088/1126-6708/2008/03/038},
url = {https://dx.doi.org/10.1088/1126-6708/2008/03/038},
year = {2008},
month = {mar},
publisher = {},
volume = {2008},
number = {03},
pages = {038},
author = {S. Schumann and  F. Krauss},
title = {A parton shower algorithm based on Catani-Seymour dipole factorisation},
journal = {Journal of High Energy Physics}
}

@article{PSMatching,
author = {{ Höche, S., Krauss, F., Schönherr, M. et al.}},
title = {{  QCD matrix elements + parton showers. The NLO case}},
journal ={ J. High Energ. Phys. },
volume = {2013},
number ={27},
year ={2013}, 
url = { https://doi.org/10.1007/JHEP04(2013)027}
}

@article{MADGRAPHNLO,
	doi = {10.1007/jhep07(2014)079},
	url = {https://doi.org/10.1007%2Fjhep07%282014%29079},
	year = 2014,
	month = {jul},
	publisher = {Springer Science and Business Media {LLC}},
	volume = {2014},
	number = {7},
	author = {{J. Alwall and R. Frederix and S. Frixione and V. Hirschi and F. Maltoni and O. Mattelaer and H.-S. Shao and T. Stelzer and P. Torrielli and M. Zaro}},
	title = {{The automated computation of tree-level and next-to-leading order differential cross sections, and their matching to parton shower simulations}},
	journal = {Journal of High Energy Physics}
}

@article{Pythia8,
	doi = {10.1016/j.cpc.2008.01.036},
	url = {https://doi.org/10.1016%2Fj.cpc.2008.01.036},
	year = 2008,
	month = {jun},
	publisher = {Elsevier {BV}},
	volume = {178},
	number = {11},
	pages = {852--867},
	author = {{Torbjörn Sjöstrand and Stephen Mrenna and Peter Skands}},
	title = {{A brief introduction to {PYTHIA} 8.1}},
	journal = {Computer Physics Communications}
}

@article{PowhegV2,
	doi = {10.1007/jhep03(2014)141},
	url = {https://doi.org/10.1007%2Fjhep03%282014%29141},
	year = 2014,
	month = {mar},
	publisher = {Springer Science and Business Media {LLC}},
	volume = {2014},
	number = {3},
	author = {{Barbara Jäger and Alexander Karlberg and Giulia Zanderighi}},
	title = {{Electroweak ZZjj production in the Standard Model and beyond in the POWHEG-BOX V2}}, 
	journal = {Journal of High Energy Physics}
}

@article{Sherpa220,
	doi = {10.1088/1126-6708/2001/11/063},
	url = {https://doi.org/10.1088%2F1126-6708%2F2001%2F11%2F063},
	year = 2001,
	month = {nov},
	journal = {Journal of High Energy Physics},
	publisher = {Springer Science and Business Media {LLC}},
	volume = {2001},
	number = {11},
	pages = {063--063},
	author = {{Stefano Catani and Frank Krauss and Bryan R Webber and Ralf Kuhn}}, 
	title = {QCD  Matrix Elements + Parton Showers}},
}

@article{PowhegPythia,
    author = "Sjostrand, Torbjorn and Mrenna, Stephen and Skands, Peter Z.",
    title = "{A Brief Introduction to PYTHIA 8.1}",
    eprint = "0710.3820",
    archivePrefix = "arXiv",
    primaryClass = "hep-ph",
    reportNumber = "CERN-LCGAPP-2007-04, LU-TP-07-28, FERMILAB-PUB-07-512-CD-T",
    doi = "10.1016/j.cpc.2008.01.036",
    journal = "Comput. Phys. Commun.",
    volume = "178",
    pages = "852--867",
    year = "2008"
}

@article{AngularFrameDef,
	doi = {10.1103/physrevd.81.075022},
	url = {https://doi.org/10.1103%2Fphysrevd.81.075022},
	year = 2010,
	month = {apr},
	publisher = {American Physical Society ({APS})},
	volume = {81},
	number = {7},
	author = {{Yanyan Gao and Andrei V. Gritsan and Zijin Guo and Kirill Melnikov and Markus Schulze and Nhan V. Tran}},
	title = {{Spin determination of single-produced resonances at hadron colliders}},
	journal = {Physical Review D}
}

@Article{btagATLAS,
    author         = "{ATLAS Collaboration}",
    title          = "{ATLAS \(b\)-jet identification performance and efficiency measurement with \(t\bar{t}\) events in \(pp\) collisions at \(\sqrt{s} = 13\,\text{TeV}\)}",
    year           = "2019",
    reportNumber   = "CERN-EP-2019-132",
    eprint         = "1907.05120",
    archivePrefix  = "arXiv",
    primaryClass   = "hep-ex",
}

@unpublished{FakeBkgTool,
title= "{Technical discussion of FakeBkgTools}",
author = "{J. Maurer, J. Reichert, E. Varnes}",
year = {2018},
URL= {https://indico.cern.ch/event/753431/contributions/3120677/attachments/1708457/2753712/fakeBkgToolsAug31.pdf},
}
%% Haven't been used can delete later
